% This file was created with JabRef 2.9.2.
% Encoding: ISO8859_1
@article{bencini1986,
  title = {X.Alpha.-{{SW}} Calculations of the Electronic Structure and Magnetic Properties of Weakly Coupled Transition-Metal Clusters. {{The}} [{{Cu2Cl6}}]2- Dimers},
  author = {Bencini, Alessandro. and Gatteschi, Dante.},
  year = {1986},
  month = sep,
  volume = {108},
  pages = {5763--5771},
  issn = {0002-7863, 1520-5126},
  doi = {10.1021/ja00279a017},
  journal = {J. Am. Chem. Soc.},
  language = {en},
  number = {19}
}
@misc{Libint2.7.0,
  title={{Libint: A library for the evaluation of molecular integrals of 
          many-body operators over Gaussian functions}},
  author={Valeev, Edward F and Fermann, JT},
  howpublished={https://github.com/evaleev/libint},
  year={2020},
  note={version 2.7.0-beta6}
}
@software{XCFun2.0.2,
  author       = {Ekstr{\"o}m, Ulf},
  title        = {{XCFun: A library of exchange-correlation 
                    functionals with arbitrary-order derivatives}},
  year         = 2020,
  publisher    = {Zenodo},
  version      = {v2.0.2},
  doi          = {10.5281/zenodo.3946698},
  url          = {https://doi.org/10.5281/zenodo.3946698}
}
@article{Libxc,
  title={{Recent developments in libxcâ€”A comprehensive library of functionals
        for density functional theory}},
  author={Lehtola, Susi and Steigemann, Conrad and Oliveira, Micael JT
          and Marques, Miguel AL},
  journal={SoftwareX},
  volume={7},
  pages={1--5},
  year={2018},
  publisher={Elsevier}
}
@article{Libecpint,
  author = {Shaw, Robert A. and Hill, J. Grant},
  doi = {10.1063/1.4986887},
  issn = {0021-9606},
  journal = {J. Chem. Phys.},
  pages = {074108},
  title = {{Prescreening and efficiency in the evaluation of integrals
  over ab initio effective core potentials}},
  url = {http://aip.scitation.org/doi/10.1063/1.4986887},
  volume = {147},
  year = {2017}
}
@article{soda2000,
  title = {Ab Initio Computations of Effective Exchange Integrals for {{H}}\textendash{{H}}, {{H}}\textendash{{He}}\textendash{{H}} and {{Mn2O2}} Complex: Comparison of Broken-Symmetry Approaches},
  shorttitle = {Ab Initio Computations of Effective Exchange Integrals for {{H}}\textendash{{H}}, {{H}}\textendash{{He}}\textendash{{H}} and {{Mn2O2}} Complex},
  author = {Soda, T. and Kitagawa, Y. and Onishi, T. and Takano, Y. and Shigeta, Y. and Nagao, H. and Yoshioka, Y. and Yamaguchi, K.},
  year = {2000},
  month = mar,
  volume = {319},
  pages = {223--230},
  issn = {00092614},
  doi = {10.1016/S0009-2614(00)00166-4},
  journal = {Chemical Physics Letters},
  language = {en},
  number = {3-4}
}
@article{pipek1985,
  title = {Controlled Orthogonalization of Localized Orbitals},
  author = {Pipek, J.},
  year = {1985},
  month = may,
  volume = {27},
  pages = {527--546},
  issn = {0020-7608, 1097-461X},
  doi = {10.1002/qua.560270503},
  journal = {Int. J. Quantum Chem.},
  language = {en},
  number = {5}
}
@article{lowdin1950,
  title = {On the {{Non}}-{{Orthogonality Problem Connected}} with the {{Use}} of {{Atomic Wave Functions}} in the {{Theory}} of {{Molecules}} and {{Crystals}}},
  author = {L{\"o}wdin, Per-Olov},
  year = {1950},
  month = mar,
  volume = {18},
  pages = {365--375},
  issn = {0021-9606, 1089-7690},
  doi = {10.1063/1.1747632},
  journal = {The Journal of Chemical Physics},
  language = {en},
  number = {3}
}

@incollection{lowdin1970,
  title = {On the {{Nonorthogonality Problem}}},
  booktitle = {Advances in {{Quantum Chemistry}}},
  author = {L{\"o}wdin, Per-Olov},
  year = {1970},
  volume = {5},
  pages = {185--199},
  publisher = {{Elsevier}},
  doi = {10.1016/S0065-3276(08)60339-1},
  isbn = {978-0-12-034805-3},
  language = {en}
}
@article{broer1993,
  title = {On the Use of Corresponding Orbitals for the Construction of Mutually Orthogonal Orbital Sets},
  author = {Broer, R.},
  year = {1993},
  volume = {45},
  pages = {587--590},
  issn = {0020-7608, 1097-461X},
  doi = {10.1002/qua.560450609},
  journal = {Int. J. Quantum Chem.},
  language = {en},
  number = {6}
}
@article{massolle2020,
  title = {Subsystem Density-Functional Theory for Interacting Open-Shell Systems: Spin Densities and Magnetic Exchange Couplings},
  shorttitle = {Subsystem Density-Functional Theory for Interacting Open-Shell Systems},
  author = {Massolle, Anja and Neugebauer, Johannes},
  year = {2020},
  issn = {1359-6640, 1364-5498},
  doi = {10.1039/D0FD00063A},
  journal = {Faraday Discuss.},
  language = {en}
}
@article{caballol1997,
  title = {Remarks on the {{Proper Use}} of the {{Broken Symmetry Approach}} to {{Magnetic Coupling}}},
  author = {Caballol, R. and Castell, O. and Illas, F. and {de P. R. Moreira}, I. and Malrieu, J. P.},
  year = {1997},
  month = oct,
  volume = {101},
  pages = {7860--7866},
  issn = {1089-5639, 1520-5215},
  doi = {10.1021/jp9711757},
  journal = {J. Phys. Chem. A},
  language = {en},
  number = {42}
}

@article{ginsberg1980,
  title = {Magnetic Exchange in Transition Metal Complexes. 12. {{Calculation}} of Cluster Exchange Coupling Constants with the {{X}}.Alpha.-Scattered Wave Method},
  author = {Ginsberg, A. P.},
  year = {1980},
  month = jan,
  volume = {102},
  pages = {111--117},
  issn = {0002-7863},
  doi = {10.1021/ja00521a020},
  journal = {J. Am. Chem. Soc.},
  language = {en},
  number = {1}
}

@article{noodleman1981,
  title = {Valence Bond Description of Antiferromagnetic Coupling in Transition Metal Dimers},
  author = {Noodleman, Louis},
  year = {1981},
  month = may,
  volume = {74},
  pages = {5737--5743},
  issn = {0021-9606, 1089-7690},
  doi = {10.1063/1.440939},
  journal = {The Journal of Chemical Physics},
  language = {en},
  number = {10}
}

@article{noodleman1986,
  title = {Ligand Spin Polarization and Antiferromagnetic Coupling in Transition Metal Dimers},
  author = {Noodleman, Louis and Davidson, Ernest R.},
  year = {1986},
  month = nov,
  volume = {109},
  pages = {131--143},
  issn = {03010104},
  doi = {10.1016/0301-0104(86)80192-6},
  journal = {Chemical Physics},
  language = {en},
  number = {1}
}

@article{shoji2014,
  title = {An Efficient Initial Guess Formation of Broken-Symmetry Solutions by Using Localized Natural Orbitals},
  author = {Shoji, Mitsuo and Yoshioka, Yasunori and Yamaguchi, Kizashi},
  year = {2014},
  month = jul,
  volume = {608},
  pages = {50--54},
  issn = {00092614},
  doi = {10.1016/j.cplett.2014.05.063},
  journal = {Chemical Physics Letters},
  language = {en}
}

@incollection{yamaguchi1986,
  title = {Ab-{{Initio Molecular Orbital Studies}} of {{Structure}} and {{Reactivity}} of {{Transition Metal}}-{{OXO Compounds}}},
  booktitle = {Applied {{Quantum Chemistry}}},
  author = {Yamaguchi, K. and Takahara, Y. and Fueno, T.},
  editor = {Smith, Vedene H. and Schaefer, Henry F. and Morokuma, Keiji},
  year = {1986},
  pages = {155--184},
  publisher = {{Springer Netherlands}},
  address = {{Dordrecht}},
  doi = {10.1007/978-94-009-4746-7_11},
  isbn = {978-94-010-8609-7 978-94-009-4746-7},
  language = {en}
}

@article{yamaguchi1987,
  title = {And Semiempirical {{MO}} Calculations of Intermolecular Effective Exchange Integrals between Organic Radicals. {{Designing}} of Organic Ferromagnet, Ferrimagnet and Ferromagnetic Conductors},
  author = {Yamaguchi, Kizashi and Toyoda, Yasuyuki and Nakano, Masayoshi and Fueno, Takayuki},
  year = {1987},
  month = mar,
  volume = {19},
  pages = {87--92},
  issn = {03796779},
  doi = {10.1016/0379-6779(87)90336-5},
  journal = {Synthetic Metals},
  language = {en},
  number = {1-3}
}

@ARTICLE{beck1988,
  author = {A. D. Becke},
  title = {A multicenter numerical integration scheme for polyatomic molecules},
  journal = {J. Chem. Phys.},
  year = {1988},
  volume = {88},
  pages = {2547-2553},
  number = {4},
  doi = {10.1063/1.454033}
}

@ARTICLE{fux2010,
  author = {Samuel Fux and Christoph R. Jacob and Johannes Neugebauer and Lucas
	Visscher and Markus Reiher},
  title = {{Accurate frozen-density embedding potentials as a first step towards
	a subsystem description of covalent bonds}},
  journal = {J. Chem. Phys.},
  year = {2010},
  volume = {132},
  pages = {164101},
  timestamp = {2017.11.13}
}

@ARTICLE{heat2007,
  author = {Heaton-Burgess, Tim and Bulat, Felipe A. and Yang, Weitao},
  title = {Optimized Effective Potentials in Finite Basis Sets},
  journal = {Phys. Rev. Lett.},
  year = {2007},
  volume = {98},
  pages = {256401}
}

@ARTICLE{hu2010,
  author = {Xiangqian Hu and Weitao Yang},
  title = {Accelerating self-consistent field convergence with the augmented
	Roothaan--Hall energy function},
  journal = {J. Chem. Phys.},
  year = {2010},
  volume = {132},
  pages = {054109},
  number = {5}
}

@ARTICLE{good2010,
  author = {{J. D. Goodpaster, N. Ananth, F. R. Manby, and T. F. Miller III}},
  title = {{Exact nonadditive kinetic potentials for embedded density functional
	theory}},
  journal = {J. Chem. Phys.},
  year = {2010},
  volume = {133},
  pages = {084103},
  timestamp = {2017.11.13}
}

@ARTICLE{pula1982,
  author = {Pulay, P.},
  title = {Improved SCF convergence acceleration},
  journal = {J. Comput. Chem.},
  year = {1982},
  volume = {3},
  pages = {556--560},
  number = {4}
}

@ARTICLE{stra1996,
  author = {R. Eric Stratmann and Gustavo E. Scuseria and Michael J. Frisch},
  title = {Achieving linear scaling in exchange-correlation density functional
	quadratures},
  journal = {Chem. Phys. Lett.},
  year = {1996},
  volume = {257},
  pages = {213 - 223},
  number = {3}
}

@ARTICLE{unsl2016,
  author = {Unsleber, Jan P. and Neugebauer, Johannes and Jacob, Christoph R.},
  title = {No need for external orthogonality in subsystem density-functional
	theory},
  journal = {Phys. Chem. Chem. Phys.},
  year = {2016},
  volume = {18},
  pages = {21001-21009},
  timestamp = {2017.11.13}
}

@ARTICLE{weig2005,
  author = {Weigend, F. and Ahlrichs, R.},
  title = {Balanced basis sets of split valence, triple zeta valence and quadruple
	zeta valence quality for H to Rn: Design and assessment of accuracy
	7},
  journal = {Phys. Chem. Chem. Phys.},
  year = {2005},
  volume = {7},
  pages = {3297},
  issue = {18},
  timestamp = {2017.11.13}
}

@ARTICLE{wu2003,
  author = {Qin Wu and Weitao Yang},
  title = {{A direct optimization method for calculating density functionals
	and exchangeÂ¿correlation potentials from electron densities}},
  journal = {J. Chem. Phys.},
  year = {2003},
  volume = {118},
  pages = {2498--2509},
  number = {6},
  timestamp = {2017.11.13}
}

@MISC{boost,
  title = {BOOST C++ Libraries},
  note = {\url{http://www.boost.org} (access date: 08/07/2017)},
  timestamp = {2017.11.20}
}

@MISC{pybind11,
  title = {pybind11},
  note = {\url{https://github.com/pybind/pybind11} (access date: 09.04.2018)},
  timestamp = {2018.03.09}
}

@Article{Hampel1996,
  author    = {Claudia Hampel and Hans-Joachim Werner},
  title     = {Local treatment of electron correlation in coupled cluster theory},
  journal   = {J. Chem. Phys.},
  year      = {1996},
  volume    = {104},
  number    = {16},
  pages     = {6286--6297},
  doi       = {10.1063/1.471289},
  publisher = {{AIP} Publishing},
}

@Article{Riplinger2013,
  author    = {Christoph Riplinger and Frank Neese},
  title     = {An efficient and near linear scaling pair natural orbital based local coupled cluster method},
  journal   = {J. Chem. Phys.},
  year      = {2013},
  volume    = {138},
  number    = {3},
  pages     = {034106},
  doi       = {10.1063/1.4773581},
  publisher = {{AIP} Publishing},
}

@Article{Riplinger2013a,
  author    = {Christoph Riplinger and Barbara Sandhoefer and Andreas Hansen and Frank Neese},
  title     = {Natural triple excitations in local coupled cluster calculations with pair natural orbitals},
  journal   = {J. Chem. Phys.},
  year      = {2013},
  volume    = {139},
  number    = {13},
  pages     = {134101},
  doi       = {10.1063/1.4821834},
  publisher = {{AIP} Publishing},
}

@Article{Rendell1991,
  author    = {Alistair P. Rendell and Timothy J. Lee and Andrew Komornicki},
  title     = {A parallel vectorized implementation of triple excitations in {CCSD}(T): application to the binding energies of the {AlH}3, {AlH}2F, {AlHF}2 and {AlF}3 dimers},
  journal   = {Chem. Phys. Lett.},
  year      = {1991},
  volume    = {178},
  number    = {5-6},
  pages     = {462--470},
  doi       = {10.1016/0009-2614(91)87003-t},
  publisher = {Elsevier {BV}},
}

@Article{Knizia2013,
  author  = {Gerald Knizia},
  title   = {Intrinsic Atomic Orbitals: An Unbiased Bridge between Quantum Theory and Chemical Concepts},
  journal = {J. Chem. Theory Comput.},
  year    = {2013},
  volume  = {9},
  pages   = {4834--4843},
  doi     = {https://doi.org/10.1021/ct400687b},
}

@Article{Bensberg2020,
  author    = {Moritz Bensberg and Johannes Neugebauer},
  title     = {Orbital Alignment for Accurate Projection-Based Embedding Calculations along Reaction Paths},
  journal   = {J. Chem. Theory Comput.},
  year      = {2020},
  month     = {may},
  doi       = {10.1021/acs.jctc.0c00104},
  publisher = {American Chemical Society ({ACS})},
}

@Article{Bensberg2019a,
  author    = {Moritz Bensberg and Johannes Neugebauer},
  title     = {Direct orbital selection for projection-based embedding},
  journal   = {J. Chem. Phys.},
  year      = {2019},
  volume    = {150},
  number    = {21},
  pages     = {214106},
  doi       = {10.1063/1.5099007},
  publisher = {{AIP} Publishing},
}

@Article{Neese2009b,
  author    = {Frank Neese and Frank Wennmohs and Andreas Hansen},
  title     = {Efficient and accurate local approximations to coupled-electron pair approaches: An attempt to revive the pair natural orbital method},
  journal   = {J. Chem. Phys.},
  year      = {2009},
  volume    = {130},
  number    = {11},
  pages     = {114108},
  doi       = {10.1063/1.3086717},
  publisher = {{AIP} Publishing},
}

@Article{Pulay1983,
  author    = {Peter Pulay},
  title     = {Localizability of dynamic electron correlation},
  journal   = {Chem. Phys. Lett.},
  year      = {1983},
  volume    = {100},
  number    = {2},
  pages     = {151--154},
  doi       = {10.1016/0009-2614(83)80703-9},
  publisher = {Elsevier {BV}},
}

@Article{Blanco1997,
  author    = {Miguel A. Blanco and M. Fl{\'{o}}rez and M. Bermejo},
  title     = {Evaluation of the rotation matrices in the basis of real spherical harmonics},
  journal   = {Journal of Molecular Structure: {THEOCHEM}},
  year      = {1997},
  volume    = {419},
  number    = {1-3},
  pages     = {19--27},
  doi       = {10.1016/s0166-1280(97)00185-1},
  publisher = {Elsevier {BV}},
}

@Article{Pinchon2007,
  author    = {Didier Pinchon and Philip E Hoggan},
  title     = {Rotation matrices for real spherical harmonics: general rotations of atomic orbitals in space-fixed axes},
  journal   = {J. Phys. A: Math. Theor.},
  year      = {2007},
  volume    = {40},
  number    = {7},
  pages     = {1597--1610},
  doi       = {10.1088/1751-8113/40/7/011},
  publisher = {{IOP} Publishing},
}

@Article{Ivanic1996,
  author    = {Joseph Ivanic and Klaus Ruedenberg},
  title     = {Rotation Matrices for Real Spherical Harmonics. Direct Determination by Recursion},
  journal   = {J. Phys. Chem.},
  year      = {1996},
  volume    = {100},
  number    = {15},
  pages     = {6342--6347},
  doi       = {10.1021/jp953350u},
  publisher = {American Chemical Society ({ACS})},
}

@Article{Delley2006,
  author    = {B. Delley},
  title     = {The conductor-like screening model for polymers and surfaces},
  journal   = {Mol. Simul.},
  year      = {2006},
  volume    = {32},
  number    = {2},
  pages     = {117--123},
  doi       = {10.1080/08927020600589684},
  publisher = {Informa {UK} Limited},
}

@Article{Pascual-Ahuir1987,
  author    = {J. L. Pascual-Ahuir and E. Silla and J. Tomasi and R. Bonaccorsi},
  title     = {Electrostatic interaction of a solute with a continuum. Improved description of the cavity and of the surface cavity bound charge distribution.},
  journal   = {J. Comput. Chem.},
  year      = {1987},
  volume    = {8},
  number    = {6},
  pages     = {778--787},
  doi       = {10.1002/jcc.540080605},
  publisher = {Wiley},
}

@Article{Tomasi2005,
  author    = {Jacopo Tomasi and Benedetta Mennucci and Roberto Cammi},
  title     = {Quantum Mechanical Continuum Solvation Models},
  journal   = {Chem. Rev.},
  year      = {2005},
  volume    = {105},
  number    = {8},
  pages     = {2999--3094},
  doi       = {10.1021/cr9904009},
  publisher = {American Chemical Society ({ACS})},
  }

@Article{Neese2009a,
  author    = {Frank Neese and Andreas Hansen and Dimitrios G. Liakos},
  title     = {Efficient and accurate approximations to the local coupled cluster singles doubles method using a truncated pair natural orbital basis},
  journal   = {J. Chem. Phys.},
  year      = {2009},
  volume    = {131},
  number    = {6},
  pages     = {064103},
  doi       = {10.1063/1.3173827},
  publisher = {{AIP} Publishing},
}

@article{cances2000can,
  title={Can we outperform the DIIS approach for electronic structure calculations?},
  author={Canc{\`e}s, Eric and Le Bris, Claude},
  journal={Int. J. Quantum Chem.},
  volume={79},
  number={2},
  pages={82--90},
  year={2000},
  publisher={Wiley Online Library}
}

@article{Morokuma1971,
author = {Morokuma,Keiji },
title = {Molecular Orbital Studies of Hydrogen Bonds. III. C=OÂ·Â·Â·Hâ€“O Hydrogen Bond in H2COÂ·Â·Â·H2O and H2COÂ·Â·Â·2H2O},
journal = {J. Chem. Phys},
volume = {55},
number = {3},
pages = {1236-1244},
year = {1971},
doi = {10.1063/1.1676210},
}

@article{stuyver2020,
  title={TITAN: A Code for Modeling and Generating Electric Fieldsâ€”Features and Applications to Enzymatic Reactivity},
  author={Stuyver, Thijs and Huang, Jing and Mallick, Dibyendu and Danovich, David and Shaik, Sason},
  journal={J. Comput. Chem.},
  volume={41},
  number={1},
  pages={74--82},
  year={2020},
  publisher={Wiley Online Library}
}

@Article{langlet1988improvements,
  author    = {Langlet, J and Claverie, P and Caillet, J and Pullman, A},
  journal   = {J. Phys. Chem.},
  title     = {Improvements of the Continuum Model. 1. Application to the Calculation of the Vaporization Thermodynamic Quantities of Nonassociated Liquids},
  year      = {1988},
  number    = {6},
  pages     = {1617--1631},
  volume    = {92},
  keywords  = {scaled particle theory, continuum solvation, pcm, cavity formation},
  publisher = {ACS Publications},
}
@Article{Sparta2017,
  author    = {Manuel Sparta and Marius Retegan and Peter Pinski and Christoph Riplinger and Ute Becker and Frank Neese},
  journal   = {J. Chem. Theory Comput.},
  title     = {Multilevel Approaches within the Local Pair Natural Orbital Framework},
  year      = {2017},
  number    = {7},
  pages     = {3198--3207},
  volume    = {13},
  comment   = {DLPNO-CC in DLPNO-CC embedding},
  doi       = {10.1021/acs.jctc.7b00260},
  groups    = {WFT-in-WFT},
  publisher = {American Chemical Society ({ACS})},
}^M

@Article{Neese2006,
  author    = {Frank Neese},
  journal   = {J. Am. Chem. Soc.},
  title     = {Importance of Direct Spin-Spin Coupling and Spin-Flip Excitations for the Zero-Field Splittings of Transition Metal Complexes:~ A Case Study},
  year      = {2006},
  month     = {aug},
  number    = {31},
  pages     = {10213--10222},
  volume    = {128},
  comment   = {quasi restricted orbitals for DLPNO-CC},
  doi       = {10.1021/ja061798a},
  publisher = {American Chemical Society ({ACS})},
}
@article{Gilbert2008,
	author = {Gilbert, Andrew T. B. and Besley, Nicholas A. and Gill, Peter M. W.},
	journal = {J. Phys. Chem. A},
	title = {Self-{Consistent} {Field} {Calculations} of {Excited} {States} {Using} the {Maximum} {Overlap} {Method} ({MOM})},
	year = {2008},
	month = {dec},
	number = {50},
	pages = {13164--13171},
	volume = {112},
	doi = {10.1021/jp801738f},
}

@article{Barca2018,
	author = {Barca, Giuseppe M. J. and Gilbert, Andrew T. B. and Gill, Peter M. W.},
	journal = {J. Chem. Theory Comput.},
	title = {Simple {Models} for {Difficult} {Electronic} {Excitations}},
	year = {2018},
	month = {mar},
	number = {3},
	pages = {1501--1509},
	volume = {14},
	doi = {10.1021/acs.jctc.7b00994},
}
